@article{entry_1,
 author = {Autor Desconhecido},
 doi = {},
 journal = {Desconhecido},
 number = {},
 pages = {},
 title = {Ex-presidente afirma que investigação por trama golpista é um absurdo e chama 'PF criativa' de piada},
 url = {https://www1.folha.uol.com.br/poder/2024/11/bolsonaro-sai-em-defesa-de-militares-suspeitos-de-plano-para-matar-lula.shtml?utm_source=newsshowcase&utm_medium=gnews&utm_campaign=CDAqEAgAKgcICjDxoPUKMJCJ3AIw1MCwAw&utm_content=rundown&gaa_at=la&gaa_n=AVINqTw70rZ92_jZ1u0_cq4wGMoOX_omG8uJNjwIV0T1ZMjNfGZ29zOwC6q8O6nZOwGQdjyNkIBum5wpscCahh-6Pw%3D%3D&gaa_ts=6742b3aa&gaa_sig=xGKBDYcIoP8y7m8WU2U6cYPZbWZLTSppsH37vvSZopjJBSFylN2h-KF8KXxcDFyaMu455y3spbVbcbmmLLd92A%3D%3D},
 volume = {},
 year = {0}
}

@article{entry_2,
 author = {Autor Desconhecido},
 doi = {},
 journal = {Desconhecido},
 number = {},
 pages = {},
 title = {Veja o que escreveu Michelle no post em sua rede social, nessa sexta-feira (22/11)},
 url = {https://www.correiobraziliense.com.br/politica/2024/11/6995234-michelle-bolsonaro-se-declara-ao-marido-apos-indiciamento-do-ex-presidente.html},
 volume = {},
 year = {0}
}

@article{entry_3,
 author = {Autor Desconhecido},
 doi = {},
 journal = {Desconhecido},
 number = {},
 pages = {},
 title = {Veja as principais notícias e manchetes do dia no Brasil e no Mundo. Leia textos e assista a vídeos de Política, Cotidiano, Crimes e mais.},
 url = {https://noticias.uol.com.br/politica/ultimas-noticias/2024/11/23/bolsonaro-chama-investigacao-do-golpe-de-chifre-em-cabeca-de-cavalo.htm},
 volume = {},
 year = {0}
}

@article{entry_4,
 author = {Autor Desconhecido},
 doi = {},
 journal = {Desconhecido},
 number = {},
 pages = {},
 title = {Título Desconhecido},
 url = {https://g1.globo.com/politica/noticia/2024/11/23/indiciado-pela-pf-braga-netto-diz-que-nunca-se-tratou-de-golpe-e-nem-de-plano-de-assassinar-alguem.ghtml},
 volume = {},
 year = {0}
}
