@article{entry_1,
 author = {Autor Desconhecido},
 doi = {},
 journal = {Desconhecido},
 number = {},
 pages = {},
 title = {O presidente Yoon Suk Yeol disse que medida era necessária para proteger país de forças comunistas da Coreia do Norte. Políticos se reuniram no Parlamento e barraram a lei, em meio a confrontos entre manifestantes e a polícia.},
 url = {https://www.bbc.com/portuguese/articles/c7458egx7n9o},
 volume = {},
 year = {0}
}

@article{entry_2,
 author = {Autor Desconhecido},
 doi = {},
 journal = {Desconhecido},
 number = {},
 pages = {},
 title = {Yoon Suk Yeol anunciou a medida para restringir direitos civis nesta terça-feira (3), argumentando ameaças de 'forças comunistas'. Medida foi alvo de protestos e rejeitada por deputados.},
 url = {https://g1.globo.com/mundo/noticia/2024/12/03/crise-politica-e-governo-impopular-o-que-levou-o-presidente-da-coreia-do-sul-a-decretar-lei-marcial.ghtml},
 volume = {},
 year = {0}
}

@article{entry_3,
 author = {Autor Desconhecido},
 doi = {},
 journal = {Desconhecido},
 number = {},
 pages = {},
 title = {Veja as principais notícias e manchetes do dia no Brasil e no Mundo. Leia textos e assista a vídeos de Política, Cotidiano, Crimes e mais.},
 url = {https://noticias.uol.com.br/ultimas-noticias/afp/2024/12/03/principal-sindicato-sul-coreano-convoca-greve-geral-ate-que-presidente-renuncie.htm},
 volume = {},
 year = {0}
}

@article{entry_4,
 author = {Autor Desconhecido},
 doi = {},
 journal = {Desconhecido},
 number = {},
 pages = {},
 title = {Gabinete presidencial aprovou revogação da medida; ação foi rechaçada por políticos sul-coreanos},
 url = {https://www.cnnbrasil.com.br/internacional/ao-suspender-lei-marcial-presidente-da-coreia-do-sul-fala-em-vontade-de-salvar-pais/},
 volume = {},
 year = {0}
}

@article{entry_5,
 author = {Autor Desconhecido},
 doi = {},
 journal = {Desconhecido},
 number = {},
 pages = {},
 title = {O presidente da Coreia do Sul, Yoon Suk-yeol, decretou lei marcial na Coreia do Sul mas voltou atrás. Leia no Pder360.},
 url = {https://www.poder360.com.br/poder-internacional/sul-coreanos-brincam-sobre-lei-marcial-com-memes-nas-redes-veja/},
 volume = {},
 year = {0}
}

@article{entry_6,
 author = {Autor Desconhecido},
 doi = {},
 journal = {Desconhecido},
 number = {},
 pages = {},
 title = {Políticos votaram de forma unânime para rejeitar medida anunciada pelo presidente do país},
 url = {https://www.correiodopovo.com.br/not%C3%ADcias/mundo/tropas-se-retiram-do-parlamento-da-coreia-do-sul-ap%C3%B3s-legisladores-bloquearem-lei-marcial-1.1558026},
 volume = {},
 year = {0}
}
