@article{entry_1,
 author = {Autor Desconhecido},
 doi = {},
 journal = {Desconhecido},
 number = {},
 pages = {},
 title = {Kiev planeja realizar primeiras investidas de longo alcance nos próximos dias, segundo pessoas familiarizadas com o assunto},
 url = {https://www1.folha.uol.com.br/mundo/2024/11/biden-autoriza-ucrania-a-usar-armas-dos-eua-em-ataques-a-russia.shtml},
 volume = {},
 year = {0}
}

@article{entry_2,
 author = {Autor Desconhecido},
 doi = {},
 journal = {Desconhecido},
 number = {},
 pages = {},
 title = {Decisão de Biden autoriza uso de mísseis de longo alcance pela Ucrânia e eleva risco de conflito global antes do G20 e da posse de Trump},
 url = {https://www.brasil247.com/mundo/para-putin-russia-agora-esta-em-guerra-direta-com-a-otan},
 volume = {},
 year = {0}
}

@article{entry_3,
 author = {Autor Desconhecido},
 doi = {},
 journal = {Desconhecido},
 number = {},
 pages = {},
 title = {Título Desconhecido},
 url = {https://gauchazh.clicrbs.com.br/mundo/noticia/2024/11/polonia-autorizacao-a-ucrania-para-usar-misseis-de-longo-alcance-e-linguagem-que-putin-entende-cm3m2j9ma002v01fum4lz11fd.html},
 volume = {},
 year = {0}
}

@article{entry_4,
 author = {Autor Desconhecido},
 doi = {},
 journal = {Desconhecido},
 number = {},
 pages = {},
 title = {O uso de mísseis de longo alcance foi autorizado pelo presidente dos Estados Unidos Joe Biden},
 url = {https://www.metropoles.com/mundo/zelensky-manda-recado-a-putin-misseis-falarao-por-si-video},
 volume = {},
 year = {0}
}
