@article{entry_1,
 author = {Autor Desconhecido},
 doi = {DOI não informado},
 journal = {Desconhecido},
 number = {Número não informado},
 pages = {Páginas não informadas},
 title = {A operação da PF que revelou um suposto plano para assassinar Lula, Alckmin e Moraes tem pontos a serem esclarecidos.},
 url = {https://www.bbc.com/portuguese/articles/ckgrp4v73w3o},
 volume = {Volume não informado},
 year = {Ano não informado}
}

@article{entry_2,
 author = {Autor Desconhecido},
 doi = {DOI não informado},
 journal = {Desconhecido},
 number = {Número não informado},
 pages = {Páginas não informadas},
 title = {Além do núcleo extremista do Exército preso na Operação Contragolpe, investigação identifica grupo de 10 generais, 16 coronéis e um almirante, entre outros, que foram informados sobre o plano; Estadão pediu manifestação das Forças Armadas e dos presos, mas não obteve resposta},
 url = {https://www.estadao.com.br/politica/blog-do-fausto-macedo/plano-punhal-verde-e-amarelo-pf-espreita-dez-generais-na-trama-golpista-de-grupo-de-bolsonaro/},
 volume = {Volume não informado},
 year = {Ano não informado}
}

@article{entry_3,
 author = {Autor Desconhecido},
 doi = {DOI não informado},
 journal = {Desconhecido},
 number = {Número não informado},
 pages = {Páginas não informadas},
 title = {O detalhe que irritou a cúpula das Forças Armadas na prisão dos militares golpistas},
 url = {https://oglobo.globo.com/blogs/lauro-jardim/post/2024/11/o-detalhe-que-irritou-a-cupula-das-forcas-armadas-na-prisao-dos-militares-golpistas.ghtml},
 volume = {Volume não informado},
 year = {Ano não informado}
}

@article{entry_4,
 author = {Autor Desconhecido},
 doi = {DOI não informado},
 journal = {Desconhecido},
 number = {Número não informado},
 pages = {Páginas não informadas},
 title = {Ex-deputada comenta relatório da PF sobre um suposto plano para matar Lula, Alckmin e Moraes. Leia no Poder360},
 url = {https://www.poder360.com.br/poder-brasil/direita-perdeu-por-culpa-de-braga-netto-diz-janaina-paschoal/},
 volume = {Volume não informado},
 year = {Ano não informado}
}

@article{entry_5,
 author = {Autor Desconhecido},
 doi = {DOI não informado},
 journal = {Desconhecido},
 number = {Número não informado},
 pages = {Páginas não informadas},
 title = {Determinação de nova oitiva foi assinada por Alexandre de Moraes após investigação apontar omissões e contradições na delação do ex-ajudante de ordens de Bolsonaro},
 url = {https://www.cartacapital.com.br/cartaexpressa/pressionado-por-operacao-da-pf-mauro-cid-presta-depoimento-ao-stf-nesta-quinta-feira/},
 volume = {Volume não informado},
 year = {Ano não informado}
}
