@online{As_duas_preocupacoes_que_rondam_Carmen_Lucia_,
 abstract = {oglobo.globo.com},
 author = {oglobo.globo.com},
 keywords = {Sem palavras-chave},
 month = {Sem Mês},
 note = {Acessado em 2024-06-04 23:45:03},
 title = {As duas preocupações que rondam Cármen Lúcia nestas eleições},
 url = {https://oglobo.globo.com/blogs/lauro-jardim/post/2024/06/as-duas-preocupacoes-que-rondam-carmen-lucia-nestas-eleicoes.ghtml},
 year = {Sem Ano}
}

@online{Carmen_Lucia_tem_de_afastar_TSE_da_polarizaca,
 abstract = {oglobo.globo.com},
 author = {oglobo.globo.com},
 keywords = {Sem palavras-chave},
 month = {Sem Mês},
 note = {Acessado em 2024-06-04 23:45:47},
 title = {Cármen Lúcia tem de afastar TSE da polarização},
 url = {https://oglobo.globo.com/opiniao/editorial/coluna/2024/06/carmen-lucia-tem-de-afastar-tse-da-polarizacao.ghtml},
 year = {Sem Ano}
}

@online{Carmen_Lucia_toma_posse_na_presidencia_do_TSE,
 abstract = {agenciabrasil.ebc.com.br},
 author = {agenciabrasil.ebc.com.br},
 keywords = {TSE, stf, Cármen Lúcia, Justiça Eleitoral},
 month = {Sem Mês},
 note = {Acessado em 2024-06-04 15:25:45},
 title = {Cármen Lucia toma posse na presidência do TSE},
 url = {https://agenciabrasil.ebc.com.br/justica/noticia/2024-06/carmen-lucia-toma-posse-na-presidencia-do-tse},
 year = {Sem Ano}
}

@online{Contra_o_virus_da_mentira_ha_o_remedio_da_inf,
 abstract = {g1.globo.com},
 author = {g1.globo.com},
 keywords = {Sem palavras-chave},
 month = {Sem Mês},
 note = {Acessado em 2024-06-04 15:25:55},
 title = {'Contra o vírus da mentira, há o remédio da informação séria', diz Cármen Lúcia ao tomar posse no TSE},
 url = {https://g1.globo.com/politica/noticia/2024/06/03/carmen-lucia-participa-de-cerimonia-de-posse-na-presidencia-do-tse-e-vai-comandar-o-tribunal-nas-eleicoes-municipais.ghtml},
 year = {Sem Ano}
}

@online{Mendonca_e_o_unico_ministro_do_STF_a_faltar_a,
 abstract = {estadao.com.br},
 author = {estadao.com.br},
 keywords = {Sem palavras-chave},
 month = {Sem Mês},
 note = {Acessado em 2024-06-04 15:26:13},
 title = {Mendonça é o único ministro do STF a faltar à posse de Cármen Lúcia no TSE; saiba por quê},
 url = {https://www.estadao.com.br/politica/coluna-do-estadao/mendonca-e-o-unico-ministro-do-stf-a-faltar-a-posse-de-carmen-lucia-no-tse-saiba-por-que/},
 year = {Sem Ano}
}

@online{Pacheco_participa_da_posse_na_Carmen_Lucia_na,
 abstract = {www12.senado.leg.br},
 author = {www12.senado.leg.br},
 keywords = {Sem palavras-chave},
 month = {Sem Mês},
 note = {Acessado em 2024-06-04 15:26:04},
 title = {Pacheco participa da posse na Cármen Lúcia na presidência do TSE},
 url = {https://www12.senado.leg.br/tv/programas/noticias-1/2024/06/pacheco-participa-da-posse-na-carmen-lucia-na-presidencia-do-tse},
 year = {Sem Ano}
}

@online{Quem_centraliza_poderes_em_uma_pessoa_chamase,
 abstract = {www1.folha.uol.com.br},
 author = {www1.folha.uol.com.br},
 keywords = {Sem palavras-chave},
 month = {June},
 note = {Acessado em 2024-06-04 15:26:32},
 title = {'Quem centraliza poderes em uma pessoa chama-se ditadura', diz leitor sobre Moraes no TSE},
 url = {https://www1.folha.uol.com.br/paineldoleitor/2024/06/quem-centraliza-poderes-em-uma-pessoa-chama-se-ditadura-diz-leitor-sobre-moraes-no-tse.shtml},
 year = {2024}
}
